<?xml version="1.0" encoding="UTF-8"?><collection xmlns="http://www.loc.gov/MARC21/slim"><record><leader>00509nam--2200181-i-4500</leader><controlfield tag="001">000023288</controlfield><controlfield tag="002">20161230</controlfield><controlfield tag="005">20161230201035</controlfield><controlfield tag="008">060222s1000------------r-----000-0-eng-d</controlfield><datafield ind1=" " ind2=" " tag="040"><subfield code="a">IFIN-HH</subfield></datafield><datafield ind1=" " ind2=" " tag="080"><subfield code="a">537.86(075.8)</subfield></datafield><datafield ind1="1" ind2=" " tag="100"><subfield code="a">Hewson, A.C</subfield></datafield><datafield ind1="1" ind2="0" tag="245"><subfield code="a">An introduction to the theory of electromagnetic waves</subfield><subfield code="c">A.c. hewson</subfield></datafield><datafield ind1=" " ind2=" " tag="260"><subfield code="a">London</subfield><subfield code="b">Longman Group Limited</subfield><subfield code="c">1970</subfield></datafield><datafield ind1=" " ind2=" " tag="300"><subfield code="a">VIII + 115 P</subfield></datafield><datafield ind1=" " ind2=" " tag="490"><subfield code="a">Mathematical Physics Series</subfield></datafield><datafield ind1=" " ind2=" " tag="852"><subfield code="a">39800</subfield><subfield code="c">537:538</subfield></datafield><datafield ind1=" " ind2=" " tag="CAT"><subfield code="a">Sys</subfield><subfield code="c">20110620</subfield><subfield code="h">141353</subfield></datafield></record></collection>